@misc{hb:exo1,
  title = {Théorèmes de {Hahn}-{Banach}},
  howpublished = {\url{http://math.univ-lille1.fr/~fricain/EXOS-M1-ANALYSE-FONCTIONNELLE/feuille5.pdf}},
  note = {Accessed: 2018-12-23}
}

@misc{refl:hilbert,
  title = {Analyse fonctionnelle et théorie spectrale},
  author={Bernard Maurey},
  howpublished = {\url{https://webusers.imj-prg.fr/\~bernard.maurey/ts012/poly/mths.pdf}},
  note = {Accessed: 2018-12-23}
}